@incollection{witten1994quantum,
  title={Quantum field theory and the Jones polynomial},
  author={Witten, Edward},
  booktitle={Braid Group, Knot Theory And Statistical Mechanics II},
  pages={361--451},
  year={1994},
  publisher={World Scientific}
}

@article{bauer1980supercoiled,
  title={Supercoiled dna},
  author={Bauer, William R and Crick, Francis HC and White, James H},
  journal={Scientific american},
  volume={243},
  number={1},
  pages={118--133},
  year={1980},
  publisher={JSTOR}
}

@article{martinez2014topoisomerase,
  title={Topoisomerase II minimizes DNA entanglements by proofreading DNA topology after DNA strand passage},
  author={Mart{\'\i}nez-Garc{\'\i}a, Bel{\'e}n and Fernandez, Xavier and D{\'\i}az-Ingelmo, Ofelia and Rodr{\'\i}guez-Campos, Antonio and Manichanh, Chaysavanh and Roca, Joaquim},
  journal={Nucleic acids research},
  volume={42},
  number={3},
  pages={1821--1830},
  year={2014},
  publisher={Oxford University Press}
}

@article{sleiman2022geometric,
  title={Geometric Predictors of Knotted and Linked Arcs},
  author={Sleiman, Joseph L and Burton, Robin H and Caraglio, Michele and Gutierrez Fosado, Yair Augusto and Michieletto, Davide},
  journal={ACS Polymers Au},
  volume={2},
  number={5},
  pages={341--350},
  year={2022},
  publisher={ACS Publications}
}